%% This BibTeX bibliography file was created using BibDesk.
%% http://bibdesk.sourceforge.net/


%% Created for Lauro Cesar Araujo at 2013-04-05 08:03:49 -0300 


%% Saved with string encoding Unicode (UTF-8) 

@article{visualodom1,
         author = {D. Scaramuzza and F. Fraundorfer},
         title = {Visual Odometry: Part I - The First 30 Years and Fundamentals},
         journal = {IEEE Robotics and Automation Magazine},
         volume = {18},
         number = {4},
         year = {2011}}
         
@thesis{tcc_alex,
        address = {Porto Alegre},
        author={Pereira, A. S.},
        pages ={27},
        school={Faculdade de Engenharia, Pontifícia Universidade Católica do Rio Grande do Sul},
        title ={Navegação de Veículo Diferencial Empregando Robot Operating System (ROS)},
        type={Trabalho de Conclusão de Curso},
        year={2014},
        url = {http://www.inf.pucrs.br/alexandre.amory/research/bib/docs/2014_TCC_Alexandre_Pereira.pdf}}

@online{mex,
        author = {{Mathworks}},
        title = {Introducing MEX Files},
        url = {http://www.mathworks.com/help/matlab/matlab_external/introducing-mex-files.html?requestedDomain=www.mathworks.com}}

@online{resampling,
        author = {{Udacity}},
        title =  {Resampling Wheel - Artificial Intelligence for Robotics},
        year = {2012},
        url = {https://www.youtube.com/watch?v=wNQVo6uOgYA}}

@online{raycasting,
        author={Lode Vandevenne},
        title={Raycasting},
        year={2007},
        url={http://lodev.org/cgtutor/raycasting.html}}

@techreport{pftuto,
            author = {Ioannis M. Rekleitis},
            institution = {Centre for Intelligent Machines, McGill University},
            title = {A Particle Filter Tutorial for Mobile Robot Localization}}
            

@hidden{BEN02,
         author={Benini, L and {De Micheli}, G},
         journal={IEEE Computer},
         pages={70-78},
         title={Networks on Chips: a New SoC Paradigm},
         volume={35(1)},
         year={2002}}
         
@book{THR05,
      title={Probabilistic Robotics},
      author={Thrun, S. and Burgard, W. and Fox, D.},
      year={2005},
      publisher={MIT Press},
      pages={647}}

@book{CAN11,
      author={J V Candy},
      title={Bayesian Signal Processing: Classical, Modern and Particle Filtering Methods},
      publisher={John Wiley and Sons},
      year={2011}
      pages={472}}


@article{DAL01,
             author={W J Dally and B Towles},
             title={Route Packets, not Wires: on-Chip Interconnection                   Networks},
             journal={Design Automation Conference},
             year={2001}}
             
@article{DEM10,
         author={L Dematt{\'e} and D Prandi},
         title={GPU computing for systems biology},
         journal={Briefings in bioinformatics},
         month={mai.},
         year={2010},
         volume={11},
         number={3},
         pages={323-333}}
         
@article{DUD10,
         author={G Dudek and M Jenkin},
         title={Computational Principles of Mobile Robotics},
         publisher={Cambridge University Press},
         pages={406},
         year={2010}}

@article{GAR08,
        author={M Garland and others},
        title={Parallel Computing Experiences with CUDA},
        journal={IEEE Micro},
        number={4},
        volume={28},
        pages={13-27},
        year={2008}}
        
@book{HAU12,
      author={A J Haug},
      title={Bayesian Estimation and Tracking: A Practical Guide},
      publisher={John Wiley \& Sons},
      year={2012},
      pages={448}}
      
@article{JER05,
         author={A Jerraya and H Tenhunen and W Wolf},
         title={Multiprocessors Systems-on-Chips},
         journal={IEEE Computer},
         volume={38(1)},
         year={2005},
         pages={36-40}}

@article{KEC11,
         author={S Keckler and W Dally and B Khailany and M Garland},
         title={GPUs and the Future of Parallel Computing},
         journal={IEEE Micro},
         volume={31},
         number={5},
         pages={7-17},
         year={2011}}
         
@book{KIR10,
      author={D Kirk and W-m Hwu},
      title={Programming Massively Parallel Processors: A Hands-on              Approach},
      year={2010}}

@article{LIN08,
         author={E Lindholm and L Nickolls and S Oberman and J Montrym},
         title={NVIDIA Tesla: A Unified Graphics and Computing Architecture},
         journal={IEEE Micro},
         volume={28},
         number={2},
         pages={39-55},
         month={abr.},
         year={2008}}

@inbook{MAR06,
        author={G Martin},
        title={Overview of the MPSoC Design Challenge},
        booktitle={Design Automation and Conference (DAC'06)},
        year={2006},
        pages{274-279}}
        
@manual{MAT14,
        author={Mathworks},
        title={ROS I/O Package: Getting Started Guide},
        organization={Mathworks},
        url={https://www.mathworks.com/hardware-support/files/ros-io-packa         ge-getting-started-guide.pdf},
        year={2014}}
        
@hidden{MOR04,
        author={F G Moraes and others},
        title={HERMES: an Infrastructure for Low Area Overhead Packet-switching Networks on Chip},
        booktitle={Integration, the VLSI Journal},
        year={2004}}
    
@book{NEH03,
      author={U Nehmzow},
      title={Mobile Robotics: A Practical Introduction},
      publisher={Springer},
      year={2003},
      pages={280}}
      
@article{NIC10,
         author={J Nickolls and W J Dally},
         title={The GPU computing era},
         journal={IEEE Micro},
         volume={30},
         number={2},
         pages={56-69},
         year={2010}}
         
@hidden{PLA13,
        title={Plasma - most MIPS I(TM) opcodes},
        url={http://opencores.org/project,plasma},
        year={2013}}

@unpublished{SAL14,
         author={A T Salton and R S Castro and J V Flores and J Barth},
         title={Filtro de Partículas para a Localização em Robótica                Móvel},
         year={2014},
         note={A ser publicado no Simpósio Brasileiro de Automação                 Inteligente}}

@inbook{SAR10,
        author={S Sarkar and T Majumder},
        title={Hardware Accelerators for Biocomputing: A Survey},
        booktitle={Circuits and Systems},
        year={2010},
        pages={3789-3792}}
      
@book{SIE04,
      author={R Siegwart and I R Nourbakhsh},
      title={Introduction to Autonomous Mobile Robots},
      publisher={MIT Press},
      pages={321},
      year={2004}}
      
@online{WIL14,
        author={{WILLOW GARAGE}},
        title={ROS},
        year={2014},
        url={https://www.willowgarage.com/pages/software/ros-platform}}

@hidden{WOS07,
         author={C R Woszezenki},
         title={Alocação entre Tarefas e Comunicação entre Tarefas em MPSoCs},
         journal={Dissertação de Mestrado, Programa de Pós-Graduação em Ciência da Computação, PUCRS},
         year={2007},
         pages={121}}
         
@article{vaughan2008massively,
  title={Massively multi-robot simulation in stage},
  author={Vaughan, Richard},
  journal={Swarm Intelligence},
  volume={2},
  number={2-4},
  pages={189--208},
  year={2008},
  publisher={Springer}
}


@book{ros-book,
      author={Aaron Martinez and Enrique Fernández},
      title={Learning ROS for Robotics Programming},
      publisher={Packt Publishing},
      pages={332},
      year={2013}}

